@inproceedings{ay2006unifying,
  title={A unifying framework for complexity measures of finite systems},
  author={Ay, Nihat and Olbrich, Eckehard and Bertschinger, Nils and Jost, J{\"u}rgen},
  booktitle={Proceedings of ECCS},
  volume={6},
  year={2006},
  organization={Citeseer}
}