%% LaTeX2e file `eng.bib'
%% generated by the `filecontents' environment
%% from source `eng' on 2021/04/06.
%%
 @Book{knuth,
  author = "Donald E. Knuth",
  title = "The {\TeX}book",
  publisher = "Addison-Wesley",
  year = "1986"
 }
